% !TEX root = ./report.tex

@incollection{Moore:2000:CMC:333067.333074,
	author = {Moore, Gordon E.},
	chapter = {Cramming More Components Onto Integrated Circuits},
	title = {Readings in Computer Architecture},
	editor = {Hill, Mark D. and Jouppi, Norman P. and Sohi, Gurindar S.},
	year = {2000},
	isbn = {1-55860-539-8},
	pages = {56--59},
	numpages = {4},
	url = {http://dl.acm.org/citation.cfm?id=333067.333074},
	acmid = {333074},
	publisher = {Morgan Kaufmann Publishers Inc.},
	address = {San Francisco, CA, USA},
}

@online{Moore40,
	author = {The Economist},
	title = {{Moore's Law} at 40},
	year = 2005,
	url = {http://www.economist.com/node/3798505},
	note= {Last visited: 2015-12-08}
}

@online{FutureForTransistor,
	author = {Walton, Mark},
	title = {As {Moore’s} law turns 50, what does the future hold for the transistor?},
	year = 2015,
	url = {http://arstechnica.com/information-technology/2015/04/as-moores-law-turns-50-what-does-the-future-hold-for-the-transistor/},
	note= {Last visited: 2015-12-08}
}

@online{MooreSpeculates,
	author = {Takahashi, Dean},
	title = {{Intel’s Gordon Moore speculates on the future of tech and the end of Moore’s Law}},
	year = 2015,
	url = {http://venturebeat.com/2015/05/11/intels-gordon-moore-speculates-on-the-future-and-the-end-of-moores-law/},
	note= {Last visited: 2015-12-08}
}

@online{Moore'sLawTurns50,
	author = {Collins, Katie},
	title = {This is what the future holds as {Moore's} Law turns 50},
	year = 2015,
	url = {http://www.wired.co.uk/news/archive/2015-04/19/moores-law-50th-anniversary-future-disruption},
	note= {Last visited: 2015-12-08}
}

@online{Moore'sLawCloudPricing,
	author = {Morgan, Timothy Prickett},
	title = {{Can Cloud Pricing Stay On Moore’s Law Curves?}},
	year = 2015,
	url = {http://www.nextplatform.com/2015/05/19/can-cloud-pricing-stay-on-moores-law-curves/},
	note= {Last visited: 2015-12-08}
}

@online{AgileVsWaterfall,
	author = {Rasmusson, Jonathan},
	title = {Agile vs {Waterfall}},
	year = 2015,
	url = {http://www.agilenutshell.com/agile_vs_waterfall},
	note= {Last visited: 2015-12-08}
}

@online{FromWaterfallToAgile,
	author = {Tselentis, Jason},
	title = {{Moving Beyond Waterfall to Agile Development + Design}},
	year = 2014,
	url = {http://www.howdesign.com/how-magazine/moving-beyond-waterfall-agile-development-design/},
	note= {Last visited: 2015-12-08}
}

@online{FacebookRealNamePolicyConsequences,
	author = {Hern, Alex},
	title = {Facebook relaxes 'real name' policy in face of protest},
	year = 2015,
	url = {http://www.theguardian.com/technology/2015/nov/02/facebook-real-name-policy-protest},
	note= {Last visited: 2015-12-08}
}

@online{FacebookNamePolicies,
	author = {Facebook},
	title = {What names are allowed on {Facebook}?},
	year = 2015,
	url = {https://www.facebook.com/help/112146705538576},
	note= {Last visited: 2015-12-08}
}

@online{FacebookInternetAfrica,
	author = {Kelly, Heather},
	title = {Facebook to beam free internet to Africa with satellites},
	year = 2015,
	url = {http://money.cnn.com/2015/10/05/technology/facebook-africa-satellites/},
	note= {Last visited: 2015-12-08}
}

@online{TechBubbleBursting,
	author = {Mahmood, Tallat},
	title = {{The Tech Industry Is In Denial, But The Bubble Is About To Burst}},
	year = 2015,
	url = {http://techcrunch.com/2015/06/26/the-tech-industry-is-in-denial-but-the-bubble-is-about-to-burst/},
	note= {Last visited: 2015-12-08}
}

@online{IntelMoore'sLawIn10nm,
	author = {Anthony, Sebastian},
	title = {{Why} this tech party isn't like 1999},
	year = 2015,
	url = {http://arstechnica.com/gadgets/2015/02/intel-forges-ahead-to-10nm-will-move-away-from-silicon-at-7nm/},
	note= {Last visited: 2015-12-08}
}

@online{ITstockMarkets,
	author = {Egan, Matt},
	title = {{Intel} forges ahead to 10nm, will move away from silicon at 7nm},
	year = 2015,
	url = {http://money.cnn.com/2015/02/20/investing/tech-stocks-bubble-nasdaq/?iid=EL},
	note= {Last visited: 2015-12-08}
}

@online{Moore50,
	author = {The Economist},
	title = {{Moore's Law} at 50},
	year = 2015,
	url = {http://www.economist.com/news/business/21648683-microchip-pioneers-prediction-has-bit-more-life-left-it-ever-more-moore},
	note= {Last visited: 2015-12-08}
}

@online{Mann2000,
	author = {Mann, Charles C.},
	title = {{Moore's Law} at 50},
	year = 2000,
	url = {http://www.technologyreview.com/featuredstory/400710/the-end-of-moores-law/},
	note= {Last visited: 2015-12-09}
}

@ARTICLE{TheGreatMoore'sLawCompensator,
	author={Wirth, N.},
	journal={Computer},
	title={A plea for lean software},
	year={1995},
	volume={28},
	number={2},
	pages={64-68},
	keywords={software development management;software engineering;software quality;Oberon system;disciplined methodologies;fat software;hardware advances;lean software;memory capacity;processor power;software flexibility;software functionality;software girth;software streamlining;user convenience;Computer displays;Explosions;Hardware;Memory management;Operating systems;Program processors;Software performance;Solids;Space technology;Workstations},
	doi={10.1109/2.348001},
	ISSN={0018-9162},
	month={Feb}
}

@article{Ross:2003:EC:965307.965316,
	author = {Ross, Philip E.},
	title = {Engineering: 5 Commandments},
	journal = {IEEE Spectr.},
	issue_date = {December 2003},
	volume = {40},
	number = {12},
	month = dec,
	year = {2003},
	issn = {0018-9235},
	pages = {30--35},
	numpages = {6},
	url = {http://dx.doi.org/10.1109/MSPEC.2003.1249976},
	doi = {10.1109/MSPEC.2003.1249976},
	acmid = {965316},
	publisher = {IEEE Press},
	address = {Piscataway, NJ, USA},
}
